@book{Barouch2010,
Author = {Barouch, Gilles},
Publisher = {AFNOR et Livres à Vivre},
Series = {Gestion futée},
Title = {Fidéliser et gagner vos clients par l’écoute},
Year = {2010}}

@book{Lefebure2008,
Author = {René Léfebure, Gilles Venturi},
Title = {Gestion de la relation client},
Publisher = {Eyrolles},
Year = {2005}}