@book{Barouch2010,
  author    = {Barouch, Gilles},
  title     = {Fidéliser et gagner vos clients par l’écoute},
  publisher = {AFNOR et Éditions Livres à Vivre},
  series    = {Gestion futée},
  year      = {2010}
}

@book{Lefebure2005,
  author    = {René Léfebure, Gilles Venturi},
  title     = {Gestion de la relation client},
  publisher = {Eyrolles},
  year      = {2005}
}

@book{Py2001,
  author    = {Py, Pascal},
  publisher = {edition d'Organisation},
  title     = {Méthodes et astuces pour manager ses clients},
  year      = {2001}
}

@book{Rouviere2010,
  author    = {Rouvière, Serge},
  city      = {Paris},
  publisher = {Dunod},
  title     = {Réussir sa relation client},
  year      = {2010}
}

@book{Buyamba2017,
  author    = {Buyamba suze, Ange},
  publisher = {École Supérieure d’Informatique Salama},
  title     = {Mise en place d’un système informatise de fidélisation des 
               clients base sur les données d’un service traiteur},
  year      = {2017}
}

@book{Roques2008,
  author         = {Roques, Pascal},
  publisher      = {Eyrolles},
  title          = {UML 2 Modéliser une application web},
  series         = {Les cahiers du programmeur},
  edition        = {4},
  year           = {2008}
}

@book{RoqVall2007,
  author         = {Roques, Pascal and Valléé, Franck},
  publisher      = {Eyrolles},
  title          = {UML 2 en action De l’analyse des besoins à la conception},
  series         = {Architecte Logiciel},
  year           = {2007}
}

